@misc{scraper,
howpublished ={\url{https://github.com/alex/nyt-2020-election-scraper}}, title={NYT Vote Scraper}}

@misc{economist, howpublished={\url{https://projects.economist.com/us-2020-forecast/president}}, title={Forecasting the US elections}}

@misc{fivethirtyeight, 
howpublished={\url{https://projects.fivethirtyeight.com/2020-election-forecast/}},
title={2020 Presidential Election Forecast}}

@article{Linzer2013DynamicBF,
  title={Dynamic Bayesian Forecasting of Presidential Elections in the States},
  author={D. Linzer},
  journal={Journal of the American Statistical Association},
  year={2013},
  volume={108},
  pages={124 - 134}
}

@article{nadeau_2019, title={Are election results more unpredictable? A forecasting test}, volume={8}, DOI={10.1017/psrm.2019.24}, number={4}, journal={Political Science Research and Methods}, publisher={Cambridge University Press}, author={Nadeau, Richard and Dassonneville, Ruth and Lewis-Beck, Michael S. and Mongrain, Philippe}, year={2020}, pages={764â€“771}}